<record><leader>00000cas a22000007a 4500</leader><controlfield tag="001">34741037</controlfield><controlfield tag="008">960516d19851985okuwr n       0    0eng d</controlfield><datafield ind1=" " ind2=" " tag="010"><subfield code="a">sn 96087759 </subfield></datafield><datafield ind1=" " ind2=" " tag="040"><subfield code="a">OBN</subfield><subfield code="b">eng</subfield><subfield code="c">OBN</subfield><subfield code="d">OCLCQ</subfield><subfield code="d">OCLCF</subfield><subfield code="d">OCLCO</subfield></datafield><datafield ind1="1" ind2=" " tag="029"><subfield code="a">AU@</subfield><subfield code="b">000025921819</subfield></datafield><datafield ind1=" " ind2=" " tag="042"><subfield code="a">msc</subfield></datafield><datafield ind1="0" ind2="0" tag="245"><subfield code="a">Garber free press and the Billings news.</subfield></datafield><datafield ind1=" " ind2=" " tag="260"><subfield code="a">Billings, Noble County, Okla. :</subfield><subfield code="b">[s.n.]</subfield></datafield><datafield ind1=" " ind2=" " tag="300"><subfield code="a">v.</subfield></datafield><datafield ind1=" " ind2=" " tag="310"><subfield code="a">Weekly</subfield></datafield><datafield ind1="0" ind2=" " tag="362"><subfield code="a">Vol. 84, no. 40 (July 25, 1985).</subfield></datafield><datafield ind1=" " ind2="0" tag="651"><subfield code="a">Billings (Okla.)</subfield><subfield code="v">Newspapers.</subfield></datafield><datafield ind1=" " ind2="0" tag="651"><subfield code="a">Garber (Okla.)</subfield><subfield code="v">Newspapers.</subfield></datafield><datafield ind1=" " ind2="0" tag="651"><subfield code="a">Noble County (Okla.)</subfield><subfield code="v">Newspapers.</subfield></datafield><datafield ind1=" " ind2="0" tag="651"><subfield code="a">Garfield County (Okla.)</subfield><subfield code="v">Newspapers.</subfield></datafield><datafield ind1=" " ind2="7" tag="655"><subfield code="a">Newspapers.</subfield><subfield code="2">fast</subfield><subfield code="0">(OCoLC)fst01423814</subfield></datafield><datafield ind1=" " ind2="7" tag="651"><subfield code="a">Oklahoma</subfield><subfield code="z">Billings.</subfield><subfield code="2">fast</subfield><subfield code="0">(OCoLC)fst01302445</subfield></datafield><datafield ind1=" " ind2="7" tag="651"><subfield code="a">Oklahoma</subfield><subfield code="z">Garber.</subfield><subfield code="2">fast</subfield><subfield code="0">(OCoLC)fst01872294</subfield></datafield><datafield ind1=" " ind2="7" tag="651"><subfield code="a">Oklahoma</subfield><subfield code="z">Garfield County.</subfield><subfield code="2">fast</subfield><subfield code="0">(OCoLC)fst01221561</subfield></datafield><datafield ind1=" " ind2="7" tag="651"><subfield code="a">Oklahoma</subfield><subfield code="z">Noble County.</subfield><subfield code="2">fast</subfield><subfield code="0">(OCoLC)fst01209446</subfield></datafield><datafield ind1=" " ind2=" " tag="752"><subfield code="a">United States</subfield><subfield code="b">Oklahoma</subfield><subfield code="c">Noble</subfield><subfield code="d">Billings.</subfield></datafield><datafield ind1=" " ind2=" " tag="752"><subfield code="a">United States</subfield><subfield code="b">Oklahoma</subfield><subfield code="c">Garfield</subfield><subfield code="d">Garber.</subfield></datafield><datafield ind1="0" ind2="4" tag="780"><subfield code="t">Garber free press</subfield><subfield code="w">(DLC)sn 96087760</subfield><subfield code="w">(OCoLC)34741183</subfield></datafield><datafield ind1="0" ind2="4" tag="780"><subfield code="t">Billings news</subfield><subfield code="w">(DLC)sn 96087757</subfield><subfield code="w">(OCoLC)34740784</subfield></datafield><datafield ind1="0" ind2="0" tag="785"><subfield code="t">Garber-Billings news</subfield><subfield code="w">(DLC)sn 96087758</subfield><subfield code="w">(OCoLC)34740904</subfield></datafield></record>